%% OLD UNUSED EXAMPLES!!
@BOOKLET{Madsen2010,
  author = {Lars Madsen},
  title = {Introduktion til {LaTeX}},
  year = {2010},
  howpublished = {\url{http://www.imf.au.dk/system/latex/bog/}}
 }
 
@MISC{Oetiker2010,
  author = {Tobias Oetiker},
  title = {The Not So Short A Introduction to {LaTeX2e}},
  year = {2010},
  howpublished = {\url{http://tobi.oetiker.ch/lshort/lshort.pdf}}
}
 
@BOOK{Mittelbach2005,
  author = {Frank Mittelbach},
  edition = {2. ed.},
  publisher = {Addison-Wesley},
  title = {The LATEX companion},
  year = 2005
}

@MISC{CUDA,
  author = {NVIDIA},
  title = {CUDA Parallel Computing Platform},
  year = {N/A},
  howpublished = {\url{http://www.nvidia.com/object/cuda-in-action.html}}
}
@MISC{CUDAfaq,
  author = {NVIDIA},
  title = {CUDA Faq},
  year = {N/A},
  howpublished = {\url{https://developer.nvidia.com/cuda-faq}}
}
@article{DBLP:journals/corr/abs-1005-2581,
  author    = {Kamran Karimi and
               Neil G. Dickson and
               Firas Hamze},
  title     = {A Performance Comparison of {CUDA} and OpenCL},
  journal   = {CoRR},
  volume    = {abs/1005.2581},
  year      = {2010},
  url       = {http://arxiv.org/abs/1005.2581},
  timestamp = {Mon, 04 Oct 4438320 03:18:56 +},
  biburl    = {http://dblp.uni-trier.de/rec/bib/journals/corr/abs-1005-2581},
  bibsource = {dblp computer science bibliography, http://dblp.org}
}

@MISC{OpenCL,
  author = {Khronos},
  title = {The open standard for parallel programming of heterogeneous systems},
  year = {N/A},
  howpublished = {\url{https://www.khronos.org/opencl/}}
}
%% REAL SOURCES
@MISC{Moore2013,
  author = {Joel Hruska},
  title = {Intel’s former chief architect: Moore’s law will be dead within a decade},
  year = {2013},
  howpublished = {\url{http://www.extremetech.com/computing/165331-intels-former-chief-architect-moores-law-will-be-dead-within-a-decade}}
 }
